<record><leader>00000cas a22000007a 4500</leader><controlfield tag="001">24451680</controlfield><controlfield tag="008">910925d18991900nhuwr ne      0    0eng d</controlfield><datafield ind1=" " ind2=" " tag="010"><subfield code="a">sn 91063249 </subfield></datafield><datafield ind1=" " ind2=" " tag="040"><subfield code="a">NVH</subfield><subfield code="b">eng</subfield><subfield code="c">NVH</subfield><subfield code="d">OCL</subfield><subfield code="d">OCLCQ</subfield></datafield><datafield ind1=" " ind2=" " tag="042"><subfield code="a">msc</subfield></datafield><datafield ind1="0" ind2="4" tag="245"><subfield code="a">The Seabrook news.</subfield></datafield><datafield ind1=" " ind2=" " tag="260"><subfield code="a">Seabrook [N.H.] :</subfield><subfield code="b">Charles Francis Adams</subfield></datafield><datafield ind1=" " ind2=" " tag="300"><subfield code="a">v.</subfield></datafield><datafield ind1=" " ind2=" " tag="310"><subfield code="a">Weekly</subfield></datafield><datafield ind1="1" ind2=" " tag="362"><subfield code="a">Began in 1899; ceased in 1900.</subfield></datafield><datafield ind1=" " ind2=" " tag="580"><subfield code="a">Merged with: Exeter gazette, and: Rye journal, to form: Rockingham county record.</subfield></datafield><datafield ind1=" " ind2=" " tag="588"><subfield code="a">Description based on: Vol. 1, no. 4 (July 8, 1899).</subfield></datafield><datafield ind1=" " ind2=" " tag="752"><subfield code="a">United States</subfield><subfield code="b">New Hampshire</subfield><subfield code="c">Rockingham</subfield><subfield code="d">Seabrook.</subfield></datafield><datafield ind1="1" ind2="7" tag="785"><subfield code="t">Exeter gazette</subfield><subfield code="w">(DLC)sn 90062463</subfield></datafield><datafield ind1="1" ind2="7" tag="785"><subfield code="t">Rye journal</subfield><subfield code="w">(DLC)sn 91063248</subfield></datafield><datafield ind1="1" ind2="7" tag="785"><subfield code="t">Rockingham county record</subfield><subfield code="w">(DLC)sn 90062996</subfield></datafield></record>